%YAML 1.1
%TAG !u! tag:unity3d.com,2011:
--- !u!1 &5240253827082342359
GameObject:
  m_ObjectHideFlags: 0
  m_CorrespondingSourceObject: {fileID: 0}
  m_PrefabInstance: {fileID: 0}
  m_PrefabAsset: {fileID: 0}
  serializedVersion: 6
  m_Component:
  - component: {fileID: 5240253827082342355}
  - component: {fileID: 1686807504522220744}
  - component: {fileID: 7975631455721536726}
  - component: {fileID: 4596734288436176709}
  m_Layer: 0
  m_Name: FireballBookItem
  m_TagString: Untagged
  m_Icon: {fileID: 0}
  m_NavMeshLayer: 0
  m_StaticEditorFlags: 0
  m_IsActive: 1
--- !u!4 &5240253827082342355
Transform:
  m_ObjectHideFlags: 0
  m_CorrespondingSourceObject: {fileID: 0}
  m_PrefabInstance: {fileID: 0}
  m_PrefabAsset: {fileID: 0}
  m_GameObject: {fileID: 5240253827082342359}
  m_LocalRotation: {x: -0.7071068, y: 0, z: 0, w: 0.7071068}
  m_LocalPosition: {x: 0, y: 0, z: 0}
  m_LocalScale: {x: 0.8, y: 0.8, z: 0.8}
  m_Children:
  - {fileID: 7799107420276066294}
  m_Father: {fileID: 0}
  m_RootOrder: 0
  m_LocalEulerAnglesHint: {x: -90, y: 0, z: 0}
--- !u!54 &1686807504522220744
Rigidbody:
  m_ObjectHideFlags: 0
  m_CorrespondingSourceObject: {fileID: 0}
  m_PrefabInstance: {fileID: 0}
  m_PrefabAsset: {fileID: 0}
  m_GameObject: {fileID: 5240253827082342359}
  serializedVersion: 2
  m_Mass: 1
  m_Drag: 0
  m_AngularDrag: 0.05
  m_UseGravity: 1
  m_IsKinematic: 0
  m_Interpolate: 0
  m_Constraints: 0
  m_CollisionDetection: 0
--- !u!65 &7975631455721536726
BoxCollider:
  m_ObjectHideFlags: 0
  m_CorrespondingSourceObject: {fileID: 0}
  m_PrefabInstance: {fileID: 0}
  m_PrefabAsset: {fileID: 0}
  m_GameObject: {fileID: 5240253827082342359}
  m_Material: {fileID: 0}
  m_IsTrigger: 0
  m_Enabled: 1
  serializedVersion: 2
  m_Size: {x: 0.4499442, y: 0.063501716, z: 0.3182316}
  m_Center: {x: 0.00087847933, y: -0.000031124797, z: 0.15156399}
--- !u!114 &4596734288436176709
MonoBehaviour:
  m_ObjectHideFlags: 0
  m_CorrespondingSourceObject: {fileID: 0}
  m_PrefabInstance: {fileID: 0}
  m_PrefabAsset: {fileID: 0}
  m_GameObject: {fileID: 5240253827082342359}
  m_Enabled: 1
  m_EditorHideFlags: 0
  m_Script: {fileID: 11500000, guid: 21af07603042342e78c730abc7f13db9, type: 3}
  m_Name: 
  m_EditorClassIdentifier: 
  magicBookItem: {fileID: 11400000, guid: 7bb78205933ee3f889c79b5e07e897a4, type: 2}
--- !u!1001 &9057299936532973313
PrefabInstance:
  m_ObjectHideFlags: 0
  serializedVersion: 2
  m_Modification:
    m_TransformParent: {fileID: 5240253827082342355}
    m_Modifications:
    - target: {fileID: 1263823390265590007, guid: 9194b4b0040d1630ea45f55decf24fc9, type: 3}
      propertyPath: m_RootOrder
      value: 0
      objectReference: {fileID: 0}
    - target: {fileID: 1263823390265590007, guid: 9194b4b0040d1630ea45f55decf24fc9, type: 3}
      propertyPath: m_LocalPosition.x
      value: 0
      objectReference: {fileID: 0}
    - target: {fileID: 1263823390265590007, guid: 9194b4b0040d1630ea45f55decf24fc9, type: 3}
      propertyPath: m_LocalPosition.y
      value: 0
      objectReference: {fileID: 0}
    - target: {fileID: 1263823390265590007, guid: 9194b4b0040d1630ea45f55decf24fc9, type: 3}
      propertyPath: m_LocalPosition.z
      value: 0
      objectReference: {fileID: 0}
    - target: {fileID: 1263823390265590007, guid: 9194b4b0040d1630ea45f55decf24fc9, type: 3}
      propertyPath: m_LocalRotation.w
      value: 0.7071068
      objectReference: {fileID: 0}
    - target: {fileID: 1263823390265590007, guid: 9194b4b0040d1630ea45f55decf24fc9, type: 3}
      propertyPath: m_LocalRotation.x
      value: -0.7071068
      objectReference: {fileID: 0}
    - target: {fileID: 1263823390265590007, guid: 9194b4b0040d1630ea45f55decf24fc9, type: 3}
      propertyPath: m_LocalRotation.y
      value: 0
      objectReference: {fileID: 0}
    - target: {fileID: 1263823390265590007, guid: 9194b4b0040d1630ea45f55decf24fc9, type: 3}
      propertyPath: m_LocalRotation.z
      value: -0
      objectReference: {fileID: 0}
    - target: {fileID: 1263823390265590007, guid: 9194b4b0040d1630ea45f55decf24fc9, type: 3}
      propertyPath: m_LocalEulerAnglesHint.x
      value: 0
      objectReference: {fileID: 0}
    - target: {fileID: 1263823390265590007, guid: 9194b4b0040d1630ea45f55decf24fc9, type: 3}
      propertyPath: m_LocalEulerAnglesHint.y
      value: 0
      objectReference: {fileID: 0}
    - target: {fileID: 1263823390265590007, guid: 9194b4b0040d1630ea45f55decf24fc9, type: 3}
      propertyPath: m_LocalEulerAnglesHint.z
      value: 0
      objectReference: {fileID: 0}
    - target: {fileID: 1928050822251027021, guid: 9194b4b0040d1630ea45f55decf24fc9, type: 3}
      propertyPath: m_Name
      value: Book01Mesh
      objectReference: {fileID: 0}
    m_RemovedComponents: []
  m_SourcePrefab: {fileID: 100100000, guid: 9194b4b0040d1630ea45f55decf24fc9, type: 3}
--- !u!4 &7799107420276066294 stripped
Transform:
  m_CorrespondingSourceObject: {fileID: 1263823390265590007, guid: 9194b4b0040d1630ea45f55decf24fc9, type: 3}
  m_PrefabInstance: {fileID: 9057299936532973313}
  m_PrefabAsset: {fileID: 0}
