%YAML 1.1
%TAG !u! tag:unity3d.com,2011:
--- !u!1 &5978662086595027241
GameObject:
  m_ObjectHideFlags: 0
  m_CorrespondingSourceObject: {fileID: 0}
  m_PrefabInstance: {fileID: 0}
  m_PrefabAsset: {fileID: 0}
  serializedVersion: 6
  m_Component:
  - component: {fileID: 2922770892145849851}
  - component: {fileID: 8788161333682237716}
  - component: {fileID: 6701925494154755770}
  m_Layer: 0
  m_Name: RubblePile04
  m_TagString: Untagged
  m_Icon: {fileID: 0}
  m_NavMeshLayer: 0
  m_StaticEditorFlags: 8
  m_IsActive: 1
--- !u!4 &2922770892145849851
Transform:
  m_ObjectHideFlags: 0
  m_CorrespondingSourceObject: {fileID: 0}
  m_PrefabInstance: {fileID: 0}
  m_PrefabAsset: {fileID: 0}
  m_GameObject: {fileID: 5978662086595027241}
  m_LocalRotation: {x: 0, y: 0.89504606, z: 0, w: -0.4459737}
  m_LocalPosition: {x: 3.7819953, y: 0.40760386, z: -1.8290861}
  m_LocalScale: {x: 1.515517, y: 1.7122748, z: 1.3367498}
  m_Children:
  - {fileID: 6977224415303406057}
  - {fileID: 550425016333318892}
  - {fileID: 2168984416241921734}
  - {fileID: 7345071395274050211}
  m_Father: {fileID: 0}
  m_RootOrder: 0
  m_LocalEulerAnglesHint: {x: 0, y: -11.052, z: 0}
--- !u!33 &8788161333682237716
MeshFilter:
  m_ObjectHideFlags: 0
  m_CorrespondingSourceObject: {fileID: 0}
  m_PrefabInstance: {fileID: 0}
  m_PrefabAsset: {fileID: 0}
  m_GameObject: {fileID: 5978662086595027241}
  m_Mesh: {fileID: 575968509627801855, guid: f82e6411397cb15d0b722bd584ef14c1, type: 3}
--- !u!23 &6701925494154755770
MeshRenderer:
  m_ObjectHideFlags: 0
  m_CorrespondingSourceObject: {fileID: 0}
  m_PrefabInstance: {fileID: 0}
  m_PrefabAsset: {fileID: 0}
  m_GameObject: {fileID: 5978662086595027241}
  m_Enabled: 1
  m_CastShadows: 1
  m_ReceiveShadows: 1
  m_DynamicOccludee: 1
  m_MotionVectors: 1
  m_LightProbeUsage: 1
  m_ReflectionProbeUsage: 1
  m_RayTracingMode: 2
  m_RayTraceProcedural: 0
  m_RenderingLayerMask: 257
  m_RendererPriority: 0
  m_Materials:
  - {fileID: 2100000, guid: 476d026b14ba9232ca2629daea7cd113, type: 2}
  m_StaticBatchInfo:
    firstSubMesh: 0
    subMeshCount: 0
  m_StaticBatchRoot: {fileID: 0}
  m_ProbeAnchor: {fileID: 0}
  m_LightProbeVolumeOverride: {fileID: 0}
  m_ScaleInLightmap: 1
  m_ReceiveGI: 1
  m_PreserveUVs: 0
  m_IgnoreNormalsForChartDetection: 0
  m_ImportantGI: 0
  m_StitchLightmapSeams: 1
  m_SelectedEditorRenderState: 3
  m_MinimumChartSize: 4
  m_AutoUVMaxDistance: 0.5
  m_AutoUVMaxAngle: 89
  m_LightmapParameters: {fileID: 0}
  m_SortingLayerID: 0
  m_SortingLayer: 0
  m_SortingOrder: 0
  m_AdditionalVertexStreams: {fileID: 0}
--- !u!1001 &1276311558007814312
PrefabInstance:
  m_ObjectHideFlags: 0
  serializedVersion: 2
  m_Modification:
    m_TransformParent: {fileID: 7345071395274050211}
    m_Modifications:
    - target: {fileID: 2367965232263034782, guid: 686d8867d95a602a8a8ec1827a0aab73, type: 3}
      propertyPath: m_RootOrder
      value: 0
      objectReference: {fileID: 0}
    - target: {fileID: 2367965232263034782, guid: 686d8867d95a602a8a8ec1827a0aab73, type: 3}
      propertyPath: m_LocalScale.y
      value: 1
      objectReference: {fileID: 0}
    - target: {fileID: 2367965232263034782, guid: 686d8867d95a602a8a8ec1827a0aab73, type: 3}
      propertyPath: m_LocalScale.z
      value: 1
      objectReference: {fileID: 0}
    - target: {fileID: 2367965232263034782, guid: 686d8867d95a602a8a8ec1827a0aab73, type: 3}
      propertyPath: m_LocalPosition.x
      value: 0
      objectReference: {fileID: 0}
    - target: {fileID: 2367965232263034782, guid: 686d8867d95a602a8a8ec1827a0aab73, type: 3}
      propertyPath: m_LocalPosition.y
      value: 0
      objectReference: {fileID: 0}
    - target: {fileID: 2367965232263034782, guid: 686d8867d95a602a8a8ec1827a0aab73, type: 3}
      propertyPath: m_LocalPosition.z
      value: 0
      objectReference: {fileID: 0}
    - target: {fileID: 2367965232263034782, guid: 686d8867d95a602a8a8ec1827a0aab73, type: 3}
      propertyPath: m_LocalRotation.w
      value: 1
      objectReference: {fileID: 0}
    - target: {fileID: 2367965232263034782, guid: 686d8867d95a602a8a8ec1827a0aab73, type: 3}
      propertyPath: m_LocalRotation.x
      value: 0
      objectReference: {fileID: 0}
    - target: {fileID: 2367965232263034782, guid: 686d8867d95a602a8a8ec1827a0aab73, type: 3}
      propertyPath: m_LocalRotation.y
      value: 0
      objectReference: {fileID: 0}
    - target: {fileID: 2367965232263034782, guid: 686d8867d95a602a8a8ec1827a0aab73, type: 3}
      propertyPath: m_LocalRotation.z
      value: 0
      objectReference: {fileID: 0}
    - target: {fileID: 2367965232263034782, guid: 686d8867d95a602a8a8ec1827a0aab73, type: 3}
      propertyPath: m_LocalEulerAnglesHint.x
      value: 0
      objectReference: {fileID: 0}
    - target: {fileID: 2367965232263034782, guid: 686d8867d95a602a8a8ec1827a0aab73, type: 3}
      propertyPath: m_LocalEulerAnglesHint.y
      value: 0
      objectReference: {fileID: 0}
    - target: {fileID: 2367965232263034782, guid: 686d8867d95a602a8a8ec1827a0aab73, type: 3}
      propertyPath: m_LocalEulerAnglesHint.z
      value: 0
      objectReference: {fileID: 0}
    - target: {fileID: 8442664644500945489, guid: 686d8867d95a602a8a8ec1827a0aab73, type: 3}
      propertyPath: m_Name
      value: MeshCollider.111
      objectReference: {fileID: 0}
    - target: {fileID: 8442664644500945489, guid: 686d8867d95a602a8a8ec1827a0aab73, type: 3}
      propertyPath: m_StaticEditorFlags
      value: 8
      objectReference: {fileID: 0}
    m_RemovedComponents: []
  m_SourcePrefab: {fileID: 100100000, guid: 686d8867d95a602a8a8ec1827a0aab73, type: 3}
--- !u!1001 &1276311558151734581
PrefabInstance:
  m_ObjectHideFlags: 0
  serializedVersion: 2
  m_Modification:
    m_TransformParent: {fileID: 2922770892145849851}
    m_Modifications:
    - target: {fileID: 8383645445325148054, guid: 3154bc7667c59ac31a745011d7a76e80, type: 3}
      propertyPath: m_RootOrder
      value: 3
      objectReference: {fileID: 0}
    - target: {fileID: 8383645445325148054, guid: 3154bc7667c59ac31a745011d7a76e80, type: 3}
      propertyPath: m_LocalScale.x
      value: 0.48823106
      objectReference: {fileID: 0}
    - target: {fileID: 8383645445325148054, guid: 3154bc7667c59ac31a745011d7a76e80, type: 3}
      propertyPath: m_LocalScale.y
      value: 0.488231
      objectReference: {fileID: 0}
    - target: {fileID: 8383645445325148054, guid: 3154bc7667c59ac31a745011d7a76e80, type: 3}
      propertyPath: m_LocalScale.z
      value: 0.48823106
      objectReference: {fileID: 0}
    - target: {fileID: 8383645445325148054, guid: 3154bc7667c59ac31a745011d7a76e80, type: 3}
      propertyPath: m_LocalPosition.x
      value: 1.3431149
      objectReference: {fileID: 0}
    - target: {fileID: 8383645445325148054, guid: 3154bc7667c59ac31a745011d7a76e80, type: 3}
      propertyPath: m_LocalPosition.y
      value: 0.25802946
      objectReference: {fileID: 0}
    - target: {fileID: 8383645445325148054, guid: 3154bc7667c59ac31a745011d7a76e80, type: 3}
      propertyPath: m_LocalPosition.z
      value: 1.2281685
      objectReference: {fileID: 0}
    - target: {fileID: 8383645445325148054, guid: 3154bc7667c59ac31a745011d7a76e80, type: 3}
      propertyPath: m_LocalRotation.w
      value: 0.9380567
      objectReference: {fileID: 0}
    - target: {fileID: 8383645445325148054, guid: 3154bc7667c59ac31a745011d7a76e80, type: 3}
      propertyPath: m_LocalRotation.x
      value: -0
      objectReference: {fileID: 0}
    - target: {fileID: 8383645445325148054, guid: 3154bc7667c59ac31a745011d7a76e80, type: 3}
      propertyPath: m_LocalRotation.y
      value: -0.34648177
      objectReference: {fileID: 0}
    - target: {fileID: 8383645445325148054, guid: 3154bc7667c59ac31a745011d7a76e80, type: 3}
      propertyPath: m_LocalRotation.z
      value: -0
      objectReference: {fileID: 0}
    - target: {fileID: 8383645445325148054, guid: 3154bc7667c59ac31a745011d7a76e80, type: 3}
      propertyPath: m_LocalEulerAnglesHint.x
      value: 0
      objectReference: {fileID: 0}
    - target: {fileID: 8383645445325148054, guid: 3154bc7667c59ac31a745011d7a76e80, type: 3}
      propertyPath: m_LocalEulerAnglesHint.y
      value: 0
      objectReference: {fileID: 0}
    - target: {fileID: 8383645445325148054, guid: 3154bc7667c59ac31a745011d7a76e80, type: 3}
      propertyPath: m_LocalEulerAnglesHint.z
      value: 0
      objectReference: {fileID: 0}
    - target: {fileID: 8845605066802506228, guid: 3154bc7667c59ac31a745011d7a76e80, type: 3}
      propertyPath: m_Name
      value: StoneRubble04.001
      objectReference: {fileID: 0}
    - target: {fileID: 8845605066802506228, guid: 3154bc7667c59ac31a745011d7a76e80, type: 3}
      propertyPath: m_StaticEditorFlags
      value: 8
      objectReference: {fileID: 0}
    m_RemovedComponents: []
  m_SourcePrefab: {fileID: 100100000, guid: 3154bc7667c59ac31a745011d7a76e80, type: 3}
--- !u!4 &7345071395274050211 stripped
Transform:
  m_CorrespondingSourceObject: {fileID: 8383645445325148054, guid: 3154bc7667c59ac31a745011d7a76e80, type: 3}
  m_PrefabInstance: {fileID: 1276311558151734581}
  m_PrefabAsset: {fileID: 0}
--- !u!1001 &1276311558214360265
PrefabInstance:
  m_ObjectHideFlags: 0
  serializedVersion: 2
  m_Modification:
    m_TransformParent: {fileID: 2922770892145849851}
    m_Modifications:
    - target: {fileID: 1591422389606852133, guid: 4211a9ddc9faa9035a2c245d5da1f89b, type: 3}
      propertyPath: m_RootOrder
      value: 1
      objectReference: {fileID: 0}
    - target: {fileID: 1591422389606852133, guid: 4211a9ddc9faa9035a2c245d5da1f89b, type: 3}
      propertyPath: m_LocalScale.x
      value: 0.45920616
      objectReference: {fileID: 0}
    - target: {fileID: 1591422389606852133, guid: 4211a9ddc9faa9035a2c245d5da1f89b, type: 3}
      propertyPath: m_LocalScale.y
      value: 0.45920616
      objectReference: {fileID: 0}
    - target: {fileID: 1591422389606852133, guid: 4211a9ddc9faa9035a2c245d5da1f89b, type: 3}
      propertyPath: m_LocalScale.z
      value: 0.45920616
      objectReference: {fileID: 0}
    - target: {fileID: 1591422389606852133, guid: 4211a9ddc9faa9035a2c245d5da1f89b, type: 3}
      propertyPath: m_LocalPosition.x
      value: 1.5781708
      objectReference: {fileID: 0}
    - target: {fileID: 1591422389606852133, guid: 4211a9ddc9faa9035a2c245d5da1f89b, type: 3}
      propertyPath: m_LocalPosition.y
      value: 0.2163992
      objectReference: {fileID: 0}
    - target: {fileID: 1591422389606852133, guid: 4211a9ddc9faa9035a2c245d5da1f89b, type: 3}
      propertyPath: m_LocalPosition.z
      value: -1.1989317
      objectReference: {fileID: 0}
    - target: {fileID: 1591422389606852133, guid: 4211a9ddc9faa9035a2c245d5da1f89b, type: 3}
      propertyPath: m_LocalRotation.w
      value: 0.96029645
      objectReference: {fileID: 0}
    - target: {fileID: 1591422389606852133, guid: 4211a9ddc9faa9035a2c245d5da1f89b, type: 3}
      propertyPath: m_LocalRotation.x
      value: -0
      objectReference: {fileID: 0}
    - target: {fileID: 1591422389606852133, guid: 4211a9ddc9faa9035a2c245d5da1f89b, type: 3}
      propertyPath: m_LocalRotation.y
      value: -0.2789816
      objectReference: {fileID: 0}
    - target: {fileID: 1591422389606852133, guid: 4211a9ddc9faa9035a2c245d5da1f89b, type: 3}
      propertyPath: m_LocalRotation.z
      value: -0
      objectReference: {fileID: 0}
    - target: {fileID: 1591422389606852133, guid: 4211a9ddc9faa9035a2c245d5da1f89b, type: 3}
      propertyPath: m_LocalEulerAnglesHint.x
      value: 0
      objectReference: {fileID: 0}
    - target: {fileID: 1591422389606852133, guid: 4211a9ddc9faa9035a2c245d5da1f89b, type: 3}
      propertyPath: m_LocalEulerAnglesHint.y
      value: 0
      objectReference: {fileID: 0}
    - target: {fileID: 1591422389606852133, guid: 4211a9ddc9faa9035a2c245d5da1f89b, type: 3}
      propertyPath: m_LocalEulerAnglesHint.z
      value: 0
      objectReference: {fileID: 0}
    - target: {fileID: 2526831163134100868, guid: 4211a9ddc9faa9035a2c245d5da1f89b, type: 3}
      propertyPath: m_Name
      value: StoneRubble02.002
      objectReference: {fileID: 0}
    - target: {fileID: 2526831163134100868, guid: 4211a9ddc9faa9035a2c245d5da1f89b, type: 3}
      propertyPath: m_StaticEditorFlags
      value: 8
      objectReference: {fileID: 0}
    m_RemovedComponents: []
  m_SourcePrefab: {fileID: 100100000, guid: 4211a9ddc9faa9035a2c245d5da1f89b, type: 3}
--- !u!4 &550425016333318892 stripped
Transform:
  m_CorrespondingSourceObject: {fileID: 1591422389606852133, guid: 4211a9ddc9faa9035a2c245d5da1f89b, type: 3}
  m_PrefabInstance: {fileID: 1276311558214360265}
  m_PrefabAsset: {fileID: 0}
--- !u!1001 &1276311558937421350
PrefabInstance:
  m_ObjectHideFlags: 0
  serializedVersion: 2
  m_Modification:
    m_TransformParent: {fileID: 2922770892145849851}
    m_Modifications:
    - target: {fileID: 1130290585073453280, guid: 695bfc7de0534c2f8bb1721eb4ccfaf9, type: 3}
      propertyPath: m_RootOrder
      value: 2
      objectReference: {fileID: 0}
    - target: {fileID: 1130290585073453280, guid: 695bfc7de0534c2f8bb1721eb4ccfaf9, type: 3}
      propertyPath: m_LocalScale.x
      value: 0.40144354
      objectReference: {fileID: 0}
    - target: {fileID: 1130290585073453280, guid: 695bfc7de0534c2f8bb1721eb4ccfaf9, type: 3}
      propertyPath: m_LocalScale.y
      value: 0.40144366
      objectReference: {fileID: 0}
    - target: {fileID: 1130290585073453280, guid: 695bfc7de0534c2f8bb1721eb4ccfaf9, type: 3}
      propertyPath: m_LocalScale.z
      value: 0.40144354
      objectReference: {fileID: 0}
    - target: {fileID: 1130290585073453280, guid: 695bfc7de0534c2f8bb1721eb4ccfaf9, type: 3}
      propertyPath: m_LocalPosition.x
      value: -1.0828199
      objectReference: {fileID: 0}
    - target: {fileID: 1130290585073453280, guid: 695bfc7de0534c2f8bb1721eb4ccfaf9, type: 3}
      propertyPath: m_LocalPosition.y
      value: 0.24984455
      objectReference: {fileID: 0}
    - target: {fileID: 1130290585073453280, guid: 695bfc7de0534c2f8bb1721eb4ccfaf9, type: 3}
      propertyPath: m_LocalPosition.z
      value: 0.5409937
      objectReference: {fileID: 0}
    - target: {fileID: 1130290585073453280, guid: 695bfc7de0534c2f8bb1721eb4ccfaf9, type: 3}
      propertyPath: m_LocalRotation.w
      value: 0.85669196
      objectReference: {fileID: 0}
    - target: {fileID: 1130290585073453280, guid: 695bfc7de0534c2f8bb1721eb4ccfaf9, type: 3}
      propertyPath: m_LocalRotation.x
      value: -0
      objectReference: {fileID: 0}
    - target: {fileID: 1130290585073453280, guid: 695bfc7de0534c2f8bb1721eb4ccfaf9, type: 3}
      propertyPath: m_LocalRotation.y
      value: 0.5158283
      objectReference: {fileID: 0}
    - target: {fileID: 1130290585073453280, guid: 695bfc7de0534c2f8bb1721eb4ccfaf9, type: 3}
      propertyPath: m_LocalRotation.z
      value: -0
      objectReference: {fileID: 0}
    - target: {fileID: 1130290585073453280, guid: 695bfc7de0534c2f8bb1721eb4ccfaf9, type: 3}
      propertyPath: m_LocalEulerAnglesHint.x
      value: 0
      objectReference: {fileID: 0}
    - target: {fileID: 1130290585073453280, guid: 695bfc7de0534c2f8bb1721eb4ccfaf9, type: 3}
      propertyPath: m_LocalEulerAnglesHint.y
      value: 0
      objectReference: {fileID: 0}
    - target: {fileID: 1130290585073453280, guid: 695bfc7de0534c2f8bb1721eb4ccfaf9, type: 3}
      propertyPath: m_LocalEulerAnglesHint.z
      value: 0
      objectReference: {fileID: 0}
    - target: {fileID: 6706862014299904690, guid: 695bfc7de0534c2f8bb1721eb4ccfaf9, type: 3}
      propertyPath: m_Name
      value: StoneRubble03.001
      objectReference: {fileID: 0}
    - target: {fileID: 6706862014299904690, guid: 695bfc7de0534c2f8bb1721eb4ccfaf9, type: 3}
      propertyPath: m_StaticEditorFlags
      value: 8
      objectReference: {fileID: 0}
    m_RemovedComponents: []
  m_SourcePrefab: {fileID: 100100000, guid: 695bfc7de0534c2f8bb1721eb4ccfaf9, type: 3}
--- !u!4 &2168984416241921734 stripped
Transform:
  m_CorrespondingSourceObject: {fileID: 1130290585073453280, guid: 695bfc7de0534c2f8bb1721eb4ccfaf9, type: 3}
  m_PrefabInstance: {fileID: 1276311558937421350}
  m_PrefabAsset: {fileID: 0}
--- !u!1001 &1276311559369652989
PrefabInstance:
  m_ObjectHideFlags: 0
  serializedVersion: 2
  m_Modification:
    m_TransformParent: {fileID: 2168984416241921734}
    m_Modifications:
    - target: {fileID: 252339512023972653, guid: 16a54c3728deb6d2784a72d364295051, type: 3}
      propertyPath: m_RootOrder
      value: 0
      objectReference: {fileID: 0}
    - target: {fileID: 252339512023972653, guid: 16a54c3728deb6d2784a72d364295051, type: 3}
      propertyPath: m_LocalScale.x
      value: 1
      objectReference: {fileID: 0}
    - target: {fileID: 252339512023972653, guid: 16a54c3728deb6d2784a72d364295051, type: 3}
      propertyPath: m_LocalScale.z
      value: 1
      objectReference: {fileID: 0}
    - target: {fileID: 252339512023972653, guid: 16a54c3728deb6d2784a72d364295051, type: 3}
      propertyPath: m_LocalPosition.x
      value: 0
      objectReference: {fileID: 0}
    - target: {fileID: 252339512023972653, guid: 16a54c3728deb6d2784a72d364295051, type: 3}
      propertyPath: m_LocalPosition.y
      value: 0
      objectReference: {fileID: 0}
    - target: {fileID: 252339512023972653, guid: 16a54c3728deb6d2784a72d364295051, type: 3}
      propertyPath: m_LocalPosition.z
      value: 0
      objectReference: {fileID: 0}
    - target: {fileID: 252339512023972653, guid: 16a54c3728deb6d2784a72d364295051, type: 3}
      propertyPath: m_LocalRotation.w
      value: 1
      objectReference: {fileID: 0}
    - target: {fileID: 252339512023972653, guid: 16a54c3728deb6d2784a72d364295051, type: 3}
      propertyPath: m_LocalRotation.x
      value: 0
      objectReference: {fileID: 0}
    - target: {fileID: 252339512023972653, guid: 16a54c3728deb6d2784a72d364295051, type: 3}
      propertyPath: m_LocalRotation.y
      value: 0
      objectReference: {fileID: 0}
    - target: {fileID: 252339512023972653, guid: 16a54c3728deb6d2784a72d364295051, type: 3}
      propertyPath: m_LocalRotation.z
      value: 0
      objectReference: {fileID: 0}
    - target: {fileID: 252339512023972653, guid: 16a54c3728deb6d2784a72d364295051, type: 3}
      propertyPath: m_LocalEulerAnglesHint.x
      value: 0
      objectReference: {fileID: 0}
    - target: {fileID: 252339512023972653, guid: 16a54c3728deb6d2784a72d364295051, type: 3}
      propertyPath: m_LocalEulerAnglesHint.y
      value: 0
      objectReference: {fileID: 0}
    - target: {fileID: 252339512023972653, guid: 16a54c3728deb6d2784a72d364295051, type: 3}
      propertyPath: m_LocalEulerAnglesHint.z
      value: 0
      objectReference: {fileID: 0}
    - target: {fileID: 8795302064307494235, guid: 16a54c3728deb6d2784a72d364295051, type: 3}
      propertyPath: m_Name
      value: MeshCollider.110
      objectReference: {fileID: 0}
    - target: {fileID: 8795302064307494235, guid: 16a54c3728deb6d2784a72d364295051, type: 3}
      propertyPath: m_StaticEditorFlags
      value: 8
      objectReference: {fileID: 0}
    m_RemovedComponents: []
  m_SourcePrefab: {fileID: 100100000, guid: 16a54c3728deb6d2784a72d364295051, type: 3}
--- !u!1001 &1276311559637892731
PrefabInstance:
  m_ObjectHideFlags: 0
  serializedVersion: 2
  m_Modification:
    m_TransformParent: {fileID: 2922770892145849851}
    m_Modifications:
    - target: {fileID: 7806712997578500300, guid: 445270be5b3687d1dad71d645b95137d, type: 3}
      propertyPath: m_Name
      value: MeshCollider.103
      objectReference: {fileID: 0}
    - target: {fileID: 7806712997578500300, guid: 445270be5b3687d1dad71d645b95137d, type: 3}
      propertyPath: m_StaticEditorFlags
      value: 8
      objectReference: {fileID: 0}
    - target: {fileID: 8170174288694308754, guid: 445270be5b3687d1dad71d645b95137d, type: 3}
      propertyPath: m_RootOrder
      value: 0
      objectReference: {fileID: 0}
    - target: {fileID: 8170174288694308754, guid: 445270be5b3687d1dad71d645b95137d, type: 3}
      propertyPath: m_LocalPosition.x
      value: 0
      objectReference: {fileID: 0}
    - target: {fileID: 8170174288694308754, guid: 445270be5b3687d1dad71d645b95137d, type: 3}
      propertyPath: m_LocalPosition.y
      value: 0
      objectReference: {fileID: 0}
    - target: {fileID: 8170174288694308754, guid: 445270be5b3687d1dad71d645b95137d, type: 3}
      propertyPath: m_LocalPosition.z
      value: 0
      objectReference: {fileID: 0}
    - target: {fileID: 8170174288694308754, guid: 445270be5b3687d1dad71d645b95137d, type: 3}
      propertyPath: m_LocalRotation.w
      value: 1
      objectReference: {fileID: 0}
    - target: {fileID: 8170174288694308754, guid: 445270be5b3687d1dad71d645b95137d, type: 3}
      propertyPath: m_LocalRotation.x
      value: 0
      objectReference: {fileID: 0}
    - target: {fileID: 8170174288694308754, guid: 445270be5b3687d1dad71d645b95137d, type: 3}
      propertyPath: m_LocalRotation.y
      value: 0
      objectReference: {fileID: 0}
    - target: {fileID: 8170174288694308754, guid: 445270be5b3687d1dad71d645b95137d, type: 3}
      propertyPath: m_LocalRotation.z
      value: 0
      objectReference: {fileID: 0}
    - target: {fileID: 8170174288694308754, guid: 445270be5b3687d1dad71d645b95137d, type: 3}
      propertyPath: m_LocalEulerAnglesHint.x
      value: 0
      objectReference: {fileID: 0}
    - target: {fileID: 8170174288694308754, guid: 445270be5b3687d1dad71d645b95137d, type: 3}
      propertyPath: m_LocalEulerAnglesHint.y
      value: 0
      objectReference: {fileID: 0}
    - target: {fileID: 8170174288694308754, guid: 445270be5b3687d1dad71d645b95137d, type: 3}
      propertyPath: m_LocalEulerAnglesHint.z
      value: 0
      objectReference: {fileID: 0}
    m_RemovedComponents: []
  m_SourcePrefab: {fileID: 100100000, guid: 445270be5b3687d1dad71d645b95137d, type: 3}
--- !u!4 &6977224415303406057 stripped
Transform:
  m_CorrespondingSourceObject: {fileID: 8170174288694308754, guid: 445270be5b3687d1dad71d645b95137d, type: 3}
  m_PrefabInstance: {fileID: 1276311559637892731}
  m_PrefabAsset: {fileID: 0}
--- !u!1001 &1276311559638418992
PrefabInstance:
  m_ObjectHideFlags: 0
  serializedVersion: 2
  m_Modification:
    m_TransformParent: {fileID: 550425016333318892}
    m_Modifications:
    - target: {fileID: 1340301322869911659, guid: f45b7d6b28801e0be82efd0729687fbc, type: 3}
      propertyPath: m_RootOrder
      value: 0
      objectReference: {fileID: 0}
    - target: {fileID: 1340301322869911659, guid: f45b7d6b28801e0be82efd0729687fbc, type: 3}
      propertyPath: m_LocalScale.y
      value: 1
      objectReference: {fileID: 0}
    - target: {fileID: 1340301322869911659, guid: f45b7d6b28801e0be82efd0729687fbc, type: 3}
      propertyPath: m_LocalScale.z
      value: 1
      objectReference: {fileID: 0}
    - target: {fileID: 1340301322869911659, guid: f45b7d6b28801e0be82efd0729687fbc, type: 3}
      propertyPath: m_LocalPosition.x
      value: 0
      objectReference: {fileID: 0}
    - target: {fileID: 1340301322869911659, guid: f45b7d6b28801e0be82efd0729687fbc, type: 3}
      propertyPath: m_LocalPosition.y
      value: 0
      objectReference: {fileID: 0}
    - target: {fileID: 1340301322869911659, guid: f45b7d6b28801e0be82efd0729687fbc, type: 3}
      propertyPath: m_LocalPosition.z
      value: 0
      objectReference: {fileID: 0}
    - target: {fileID: 1340301322869911659, guid: f45b7d6b28801e0be82efd0729687fbc, type: 3}
      propertyPath: m_LocalRotation.w
      value: 1
      objectReference: {fileID: 0}
    - target: {fileID: 1340301322869911659, guid: f45b7d6b28801e0be82efd0729687fbc, type: 3}
      propertyPath: m_LocalRotation.x
      value: 0
      objectReference: {fileID: 0}
    - target: {fileID: 1340301322869911659, guid: f45b7d6b28801e0be82efd0729687fbc, type: 3}
      propertyPath: m_LocalRotation.y
      value: 0
      objectReference: {fileID: 0}
    - target: {fileID: 1340301322869911659, guid: f45b7d6b28801e0be82efd0729687fbc, type: 3}
      propertyPath: m_LocalRotation.z
      value: 0
      objectReference: {fileID: 0}
    - target: {fileID: 1340301322869911659, guid: f45b7d6b28801e0be82efd0729687fbc, type: 3}
      propertyPath: m_LocalEulerAnglesHint.x
      value: 0
      objectReference: {fileID: 0}
    - target: {fileID: 1340301322869911659, guid: f45b7d6b28801e0be82efd0729687fbc, type: 3}
      propertyPath: m_LocalEulerAnglesHint.y
      value: 0
      objectReference: {fileID: 0}
    - target: {fileID: 1340301322869911659, guid: f45b7d6b28801e0be82efd0729687fbc, type: 3}
      propertyPath: m_LocalEulerAnglesHint.z
      value: 0
      objectReference: {fileID: 0}
    - target: {fileID: 1437419556805161990, guid: f45b7d6b28801e0be82efd0729687fbc, type: 3}
      propertyPath: m_Name
      value: MeshCollider.113
      objectReference: {fileID: 0}
    - target: {fileID: 1437419556805161990, guid: f45b7d6b28801e0be82efd0729687fbc, type: 3}
      propertyPath: m_StaticEditorFlags
      value: 8
      objectReference: {fileID: 0}
    m_RemovedComponents: []
  m_SourcePrefab: {fileID: 100100000, guid: f45b7d6b28801e0be82efd0729687fbc, type: 3}
